
  @misc{sampleArticle,
    author = "{Wikipedia contributors}",
    title = "LaTeX --- {Wikipedia}{,} The Free Encyclopedia",
    year = "2022",
    howpublished = "\url{https://en.wikipedia.org/w/index.php?title=LaTeX&oldid=1083550063}",
    note = "[Online; accessed 21-April-2022]"
  }
